@inproceedings{N18-1065,
  author    = {Grusky, Max and Naaman, Mor and Artzi, Yoav},
  title     = {NEWSROOM: A Dataset of 1.3 Million Summaries
               with Diverse Extractive Strategies},
  booktitle = {NAACL},
  Apublisher = {Association for Computational Linguistics},
  Apages     = {708--719},
  year      = {2018},
  Amonth     = {June},
  Aaddress   = {New Orleans, Louisiana},
  Aurl       = {http://aclweb.org/anthology/N18-1065}
}

@inproceedings{Hermann2015TeachingMT,
  title={Teaching Machines to Read and Comprehend},
  author={Karl Moritz Hermann and Tom{\'a}s Kocisk{\'y} and Edward Grefenstette and Lasse Espeholt and Will Kay and Mustafa Suleyman and Phil Blunsom},
  booktitle={NIPS},
  year={2015}
}

@inproceedings{eyal-etal-2019-question,
    title = "Question Answering as an Automatic Evaluation Metric for News Article Summarization",
    author = "Eyal, Matan  and
      Baumel, Tal  and
      Elhadad, Michael",
    booktitle = "NAACL",
    month = jun,
    year = "2019"
}

@book{Aho:72,
    author  = {Alfred V. Aho and Jeffrey D. Ullman},
    title   = {The Theory of Parsing, Translation and Compiling},
    year    = "1972",
    volume  = "1",
    publisher = {Prentice-Hall},
    address = {Englewood Cliffs, NJ}
}

@book{APA:83,
    author  = {{American Psychological Association}},
    title   = {Publications Manual},
    year    = "1983",
   publisher = {American Psychological Association},
   address = {Washington, DC}
}

@article{ACM:83,
	author = {Association for Computing Machinery},
	year = "1983",
	journal = {Computing Reviews},
	volume = "24",
	number = "11",
	pages = "503--512"
}

@article{Chandra:81,
	author = {Ashok K. Chandra and Dexter C. Kozen and Larry J. Stockmeyer},
	year = "1981",
	title = {Alternation},
	journal = {Journal of the Association for Computing Machinery},
	volume = "28",
	number = "1",
	pages = "114--133",
	doi = "10.1145/322234.322243",
}

@inproceedings{andrew2007scalable,
  title={Scalable training of {L1}-regularized log-linear models},
  author={Andrew, Galen and Gao, Jianfeng},
  booktitle={Proceedings of the 24th International Conference on Machine Learning},
  pages={33--40},
  year={2007},
}

@book{Gusfield:97,
    author  = {Dan Gusfield},
    title   = {Algorithms on Strings, Trees and Sequences},
    year    = "1997",
    publisher = {Cambridge University Press},
    address = {Cambridge, UK}
}

@inproceedings{borsch2011,
	Address = {Canberra, Australia},
	Author = {Benjamin Borschinger and Mark Johnson},
	Booktitle = {Proceedings of the Australasian Language Technology Association Workshop 2011},
	Month = {December},
	Pages = {10--18},
	Title = {A Particle Filter algorithm for {B}ayesian Wordsegmentation},
	Year = {2011}}

@article{rasooli-tetrault-2015,
    author    = {Mohammad Sadegh Rasooli and Joel R. Tetreault},
    title     = {Yara Parser: {A} Fast and Accurate Dependency Parser},
    journal   = {Computing Research Repository},
    volume    = {arXiv:1503.06733},
    year      = {2015},
    url       = {http://arxiv.org/abs/1503.06733},
    note    = {version 2}
}

@article{Ando2005,
	Acmid = {1194905},
	Author = {Ando, Rie Kubota and Zhang, Tong},
	Issn = {1532-4435},
	Issue_Date = {12/1/2005},
	Journal = {Journal of Machine Learning Research},
	Month = dec,
	Numpages = {37},
	Pages = {1817--1853},
	Publisher = {JMLR.org},
	Title = {A Framework for Learning Predictive Structures from Multiple Tasks and Unlabeled Data},
	Volume = {6},
	Year = {2005}}

@InProceedings{P16-1001,
  author =	"Goodman, James
  	 and Vlachos, Andreas
	     and Naradowsky, Jason",
  title =    "Noise reduction and targeted exploration in imitation learning for      Abstract Meaning Representation parsing    ",
  booktitle = 	    "Proceedings of the 54th Annual Meeting of the Association for      Computational Linguistics (Volume 1: Long Papers)    ",
  year =    "2016",
  publisher =	"Association for Computational Linguistics",
  pages =   "1--11",
  location =	"Berlin, Germany",
  doi =    "10.18653/v1/P16-1001",
  url =    "http://aclweb.org/anthology/P16-1001"
}

@InProceedings{C14-1001,
  author =	"Harper, Mary",
  title = 	"Learning from 26 Languages: Program Management and Science in the Babel Program",
  booktitle = 	"Proceedings of COLING 2014, the 25th International Conference on Computational Linguistics: Technical Papers",
  year =    "2014",
  publisher =	"Dublin City University and Association for Computational Linguistics",
  pages =   "1",
  location =	"Dublin, Ireland",
  url =    "http://aclweb.org/anthology/C14-1001"
}
@inbook{shutzesprouse,
  author={Sprouse, John and Sch\"utze, Carson},
  year= {2014},
  chapter={Judgment Data},
  title= {Research Methods in Linguistics},
  publisher= {Cambridge University Press},
  address= {Cambridge, UK},
}

@inproceedings{handler-etal-2016-bag,
    title = "Bag of What? Simple Noun Phrase Extraction for Text Analysis",
    author = "Handler, Abram  and
      Denny, Matthew  and
      Wallach, Hanna  and
      O{'}Connor, Brendan",
    booktitle = "Proceedings of the First Workshop on {NLP} and Computational Social Science",
    month = nov,
    year = "2016",
    ALTaddress = "Austin, Texas",
    ALTpublisher = "Association for Computational Linguistics",
    url = "https://www.aclweb.org/anthology/W16-5615",
    doi = "10.18653/v1/W16-5615",
    ALTpages = "114--124",
}

/@phdthesis{pedregosaizquierdo:tel-01100921,
  TITLE = {{Feature extraction and supervised learning on fMRI : from practice to theory}},
  AUTHOR = {Pedregosa-Izquierdo, Fabian},
  URL = {https://tel.archives-ouvertes.fr/tel-01100921},
  NUMBER = {2015PA066015},
  SCHOOL = {{Universit{\'e} Pierre et Marie Curie - Paris VI}},
  YEAR = {2015},
  MONTH = Feb,
  KEYWORDS = {Ordinal regression ; Decoding ; Apprentissage supervis{\'e} ; Estimation de variables ; BOLD ; IRMf ; D{\'e}codage ; R{\'e}gression ordinale},
  TYPE = {Theses},
  PDF = {https://tel.archives-ouvertes.fr/tel-01100921/file/2015PA066015.pdf},
  HAL_ID = {tel-01100921},
  HAL_VERSION = {v2},
}

@InProceedings{Stanovsky2016EMNLP,
  author    = {Gabriel Stanovsky and Ido Dagan},
  title     = {Creating a Large Benchmark for Open Information Extraction},
  booktitle = {EMNLP},
  ALTmonth     = {November},
  year      = {2016},
  ALTaddress   = {Austin, Texas}
}

@inproceedings{schrodt2001analyzing,
  title={Analyzing the dynamics of international mediation processes in the Middle East and Balkans},
  author={Schrodt, Philip A and Gerner, Deborah J and Abu-Jabr, Rajaa and Yilmaz, Oemeur and Simpson, Erin M},
  booktitle={Annual Meeting of the American Political Science Association},
  year={2001}
}

@inproceedings{snli:emnlp2015,
  Author = {Bowman, Samuel R. and Angeli, Gabor and Potts, Christopher, and Manning, Christopher D.},
  Booktitle = {EMNLP},
  ALTPublisher = {Association for Computational Linguistics},
  Title = {A large annotated corpus for learning natural language inference},
  Year = {2015}
}

@inbook{shutzesprouse,
  author={Sprouse, John and Sch\"utze, Carson},
  year= {2014},
  chapter={Judgment Data},
  title= {Research Methods in Linguistics},
  publisher= {Cambridge University Press},
  address= {Cambridge, UK},
}

@InProceedings{N18-2017,
  author =  "Gururangan, Suchin
    and Swayamdipta, Swabha
    and Levy, Omer
    and Schwartz, Roy
    and Bowman, Samuel
    and Smith, Noah A.",
  title =   "Annotation Artifacts in Natural Language Inference Data",
  booktitle =   "NAACL",
  year =  "2018",
  ALTpublisher =   "Association for Computational Linguistics",
  ALTpages =   "107--112",
  ALTlocation =  "New Orleans, Louisiana",
  ALTdoi =   "10.18653/v1/N18-2017",
  ALTurl =   "http://aclweb.org/anthology/N18-2017"
}


@article{Warstadt2018NeuralNA,
  title={Neural Network Acceptability Judgments},
  author={Alex Warstadt and Amanpreet Singh and Samuel R. Bowman},
  journal={CoRR},
  year={2018},
  volume={abs/1805.12471v1}
}

@inproceedings{voskarides2015learning,
  title={Learning to explain entity relationships in knowledge graphs},
  author={Voskarides, Nikos and Meij, Edgar and Tsagkias, Manos and De Rijke, Maarten and Weerkamp, Wouter},
  booktitle={ACL},
  ALTvolume={1},
  ALTpages={564--574},
  year={2015}
}


@inproceedings{Hermann2015TeachingMT,
  title={Teaching Machines to Read and Comprehend},
  author={Karl Moritz Hermann and Tom{\'a}s Kocisk{\'y} and Edward Grefenstette and Lasse Espeholt and Will Kay and Mustafa Suleyman and Phil Blunsom},
  booktitle={NIPS},
  year={2015}
}


@inproceedings{leake2006jump,
  title={Jump-starting concept map construction with knowledge extracted from documents},
  author={Leake, Alejandro Valerio David},
  booktitle={In Proceedings of the Second International Conference on Concept Mapping (CMC},
  year={2006},
  organization={Citeseer}
}

@article{novak1991twelve,
  title={A twelve-year longitudinal study of science concept learning},
  author={Novak, Joseph D and Musonda, Dismas},
  journal={American educational research journal},
  volume={28},
  number={1},
  pages={117--153},
  year={1991},
  publisher={SAGE Publications}
}

@inproceedings{N18-1065,
  author    = {Grusky, Max and Naaman, Mor and Artzi, Yoav},
  title     = {NEWSROOM: A Dataset of 1.3 Million Summaries
               with Diverse Extractive Strategies},
  booktitle = {Proceedings of the 2018 Conference of the
               North American Chapter of the Association for
               Computational Linguistics: Human Language Technologies},
  publisher = {Association for Computational Linguistics},
  pages     = {708--719},
  year      = {2018},
  month     = {June},
  address   = {New Orleans, Louisiana},
  url       = {http://aclweb.org/anthology/N18-1065}
}

@incollection{nenkova2012survey,
  title={A survey of text summarization techniques},
  author={Nenkova, Ani and McKeown, Kathleen},
  booktitle={Mining text data},
  pages={43--76},
  year={2012},
  publisher={Springer}
}

@Book{ausubel1968educational,
 author = {Ausubel, David},
 title = {Educational psychology; a cognitive view},
 publisher = {Holt, Rinehart and Winston},
 year = {1968},
 address = {New York},
 isbn = {0030696402}
 }

 @Book{novak1984learning,
 author = {Novak, Joseph},
 title = {Learning how to learn},
 publisher = {Cambridge University Press},
 year = {1984},
 address = {Cambridge Cambridgeshire New York},
 isbn = {0521319269}
 }

@inproceedings{Kiritchenko2017BestWorstSM,
  title={Best-Worst Scaling More Reliable than Rating Scales: A Case Study on Sentiment Intensity Annotation},
  author={Svetlana Kiritchenko and Saif Mohammad},
  booktitle={ACL},
  year={2017}
}

@inbook{shutzesprouse,
  author={Sprouse, John and Sch\"utze, Carson},
  year= 2014,
  chapter={Judgment Data},
  editor = {Podesva, Robert and Sharma,Devyani},
  title= {Research Methods in Linguistics},
  publisher= {Cambridge University Press},
  address= {Cambridge, UK},
}

@inproceedings{Banko2007OpenIE,
  title={Open Information Extraction from the Web},
  author={Michele Banko and Michael J. Cafarella and Stephen Soderland and Matthew J Broadhead and Oren Etzioni},
  booktitle={IJCAI},
  year={2007}
}

@article{Pedregosa:2011:SML:1953048.2078195,
 author = {Pedregosa, Fabian and Varoquaux, Ga\"{e}l and Gramfort, Alexandre and Michel, Vincent and Thirion, Bertrand and Grisel, Olivier and Blondel, Mathieu and Prettenhofer, Peter and Weiss, Ron and Dubourg, Vincent and Vanderplas, Jake and Passos, Alexandre and Cournapeau, David and Brucher, Matthieu and Perrot, Matthieu and Duchesnay, \'{E}douard},
 title = {Scikit-learn: Machine Learning in Python},
 journal = {J. Mach. Learn. Res.},
 issue_date = {2/1/2011},
 volume = {12},
 month = nov,
 year = {2011},
 issn = {1532-4435},
 pages = {2825--2830},
 numpages = {6},
 url = {http://dl.acm.org/citation.cfm?id=1953048.2078195},
 acmid = {2078195},
 publisher = {JMLR.org},
}

@inproceedings{predpatt,
  author = {Zhang, Sheng and Rudinger, Rachel and {Van Durme}, Benjamin},
  title = {{An Evaluation of PredPatt and Open IE via Stage 1 Semantic Role Labeling}},
  booktitle = {The Proceedings of the 12th International Conference on Computational Semantics (IWCS)},
  year = {2017}
}

@article{bammannatural,
  title={Natural Language Processing for the Long Tail},
  journal={Digital Humanities},
  author={Bamman, David},
  year={2017}
}

@inproceedings{Niklaus2016ASS,
  title={A Sentence Simplification System for Improving Relation Extraction},
  author={Christina Niklaus and Bernhard Bermeitinger and Siegfried Handschuh and Andr{\'e} Freitas},
  booktitle={COLING},
  year={2016}
}

@article{gatt2017survey,
  title={Survey of the State of the Art in Natural Language Generation: Core tasks, applications and evaluation},
  author={Gatt, Albert and Krahmer, Emiel},
  journal={arXiv preprint arXiv:1703.09902},
  year={2017}
}

@inproceedings{del2013clausie,
  title={Clausie: clause-based open information extraction},
  author={Del Corro, Luciano and Gemulla, Rainer},
  booktitle={Proceedings of the 22nd international conference on World Wide Web},
  pages={355--366},
  year={2013},
  organization={ACM}
}

@inproceedings{Schuster2016EnhancedEU,
  title={Enhanced English Universal Dependencies: An Improved Representation for Natural Language Understanding Tasks},
  author={Sebastian Schuster and Christopher D. Manning},
  booktitle={LREC},
  year={2016}
}

@InProceedings{NIVRE16.348,
  author = {Joakim Nivre and Marie-Catherine de Marneffe and Filip Ginter and Yoav Goldberg and Jan Hajic and Christopher D. Manning and Ryan McDonald and Slav Petrov and Sampo Pyysalo and Natalia Silveira and Reut Tsarfaty and Daniel Zeman},
  title = {Universal Dependencies v1: A Multilingual Treebank Collection},
  booktitle = {Proceedings of the Tenth International Conference on Language Resources and Evaluation (LREC 2016)},
  year = {2016},
  month = {may},
  date = {23-28},
  location = {Portorož, Slovenia},
  editor = {Nicoletta Calzolari (Conference Chair) and Khalid Choukri and Thierry Declerck and Sara Goggi and Marko Grobelnik and Bente Maegaard and Joseph Mariani and Helene Mazo and Asuncion Moreno and Jan Odijk and Stelios Piperidis},
  publisher = {European Language Resources Association (ELRA)},
  address = {Paris, France},
  isbn = {978-2-9517408-9-1},
  language = {english}
 }

@inproceedings{morstatter2013sample,
  title={Is the Sample Good Enough? Comparing Data from Twitter's Streaming API with Twitter's Firehose.},
  author={Morstatter, Fred and Pfeffer, J{\"u}rgen and Liu, Huan and Carley, Kathleen M},
  year={2013}
}

@unpublished{McCallumMALLET,
      author = "Andrew Kachites McCallum",
      title = "MALLET: A Machine Learning for Language Toolkit",
      note = "http://mallet.cs.umass.edu",
      year = 2002}

@inproceedings{martins2009summarization,
  title={Summarization with a joint model for sentence extraction and compression},
  author={Martins, Andr{\'e} FT and Smith, Noah A},
  booktitle={Proceedings of the Workshop on Integer Linear Programming for Natural Langauge Processing},
  pages={1--9},
  year={2009},
  organization={Association for Computational Linguistics}
}

@article{clarke2008global,
  title={Global inference for sentence compression: An integer linear programming approach},
  author={Clarke, James and Lapata, Mirella},
  journal={Journal of Artificial Intelligence Research},
  volume={31},
  pages={399--429},
  year={2008}
}


@article{luhn1958automatic,
  title={The automatic creation of literature abstracts},
  author={Luhn, Hans Peter},
  journal={IBM Journal of research and development},
  volume={2},
  number={2},
  pages={159--165},
  year={1958},
  publisher={IBM}
}

@article{SandhausNYT,
    Author = {Sandhaus, Evan},
    Journal = {Linguistic Data Consortium},
    Title = {The {Ne}w {Y}ork {T}imes {A}nnotated {C}orpus},
    Volume = {LDC2008T19},
    Year = {2008}
}

@inproceedings{Chambers:2007:CTR:1557769.1557820,
 author = {Chambers, Nathanael and Wang, Shan and Jurafsky, Dan},
 title = {Classifying Temporal Relations Between Events},
 booktitle = {Proceedings of the 45th Annual Meeting of the ACL on Interactive Poster and Demonstration Sessions},
 series = {ACL '07},
 year = {2007},
 location = {Prague, Czech Republic},
 pages = {173--176},
 numpages = {4},
 url = {http://dl.acm.org/citation.cfm?id=1557769.1557820},
 acmid = {1557820},
 publisher = {Association for Computational Linguistics},
 address = {Stroudsburg, PA, USA},
}

@online{reddit,
    author={Baumgartner, Jason},
    title={Pushshift Reddit API Documentation},
    url = {https://medium.com/@jason_82699/pushshift-reddit-api-md-c2d70745c270},
    year = {2017}
}

@online{bailey,
    author = {Hitchcock,Tim and Shoemaker,Robert and Emsley,Clive and Howard,Sharon and McLaughlin,Jamie},
    title = {The Old Bailey Proceedings Online, 1674-1913},
    url = {www.oldbaileyonline.org},
    year = {2012}
}

@online{quartz,
  author = {Squirrell, Tim},
  title = {Linguistic data analysis of 3 billion Reddit comments shows the alt-right is getting stronger},
  year = 2017,
  url = {https://qz.com/1056319/what-is-the-alt-right},
  urldate = {2017-11-29}
}

@online{robinson,
  author = {Robinson, David},
  title = {Text analysis of Trump's tweets confirms he writes only the (angrier) Android half},
  year = 2016,
  url = {http://varianceexplained.org/r/trump-tweets/},
  urldate = {2017-11-29}
}

@article{PhysRev.72.26,
  title = {Ionization Yield of Radiations. II. The Fluctuations of the Number of Ions},
  author = {Fano, U.},
  journal = {Phys. Rev.},
  volume = {72},
  issue = {1},
  pages = {26--29},
  numpages = {0},
  year = {1947},
  month = {Jul},
  publisher = {American Physical Society},
  doi = {10.1103/PhysRev.72.26},
  url = {https://link.aps.org/doi/10.1103/PhysRev.72.26}
}


@inproceedings{Tombros:1998:AQB:290941.290947,
 author = {Tombros, Anastasios and Sanderson, Mark},
 title = {Advantages of Query Biased Summaries in Information Retrieval},
 booktitle = {Proceedings of the 21st Annual International ACM SIGIR Conference on Research and Development in Information Retrieval},
 series = {SIGIR '98},
 year = {1998},
 isbn = {1-58113-015-5},
 location = {Melbourne, Australia},
 pages = {2--10},
 numpages = {9},
 url = {http://doi.acm.org/10.1145/290941.290947},
 doi = {10.1145/290941.290947},
 acmid = {290947},
 publisher = {ACM},
 address = {New York, NY, USA},
}


@inproceedings{Blodgett2016DemographicDV,
  title={Demographic Dialectal Variation in Social Media: A Case Study of African-American English},
  author={Su Lin Blodgett and Lisa Green and Brendan T. O'Connor},
  booktitle={EMNLP},
  year={2016}
}

@inproceedings{Eisenstein2013WhatTD,
  title={What to do about bad language on the internet},
  author={Jacob Eisenstein},
  booktitle={HLT-NAACL},
  year={2013}
}

@inproceedings{falke2017graphdocexplore,
  title={GraphDocExplore: A Framework for the Experimental Comparison of Graph-based Document Exploration Techniques},
  author={Falke, Tobias and Gurevych, Iryna},
  booktitle={EMNLP, System Demonstrations},
  ALTpages={19--24},
  year={2017}
}

@inproceedings{ijcnlp17cmapmdsit,
    title = {Concept-Map-Based Multi-Document Summarization using Concept Coreference Resolution and Global Importance Optimization},
    author = {Falke, Tobias and Meyer, Christian M. and Gurevych, Iryna},
    booktitle = {Proceedings of the 8th International Joint Conference on Natural Language Processing},
    pages = {801-811},
    year = {2017},
    location = {Taipei, Taiwan}
}


@inproceedings{tdt,
author = {James Allan and Jaime Carbonell and George Doddington and Jonathan Yamron and Yiming Yang},
title = {Topic Detection and Tracking Pilot Study: Final Report},
year = {1998},
type = {IR},
}

@inproceedings{Dang2008OverviewOT,
  title={Overview of the TAC 2008 Update Summarization Task},
  author={Hoa Trang Dang and Karolina Owczarzak},
  booktitle={TAC},
  year={2008}
}

@inproceedings{Yang2012AFF,
  title={A framework for summarizing and analyzing twitter feeds},
  author={Xintian Yang and Amol Ghoting and Yiye Ruan and Srinivasan Parthasarathy},
  booktitle={KDD},
  year={2012}
}


@inproceedings{Nichols2012SummarizingSE,
  title={Summarizing sporting events using twitter},
  author={Jeffrey Nichols and Jalal Mahmud and Clemens Drews},
  booktitle={IUI},
  year={2012}
}


@inproceedings{Kedzie2015PredictingSU,
  title={Predicting Salient Updates for Disaster Summarization},
  author={Chris Kedzie and Kathleen McKeown and Fernando Diaz},
  booktitle={ACL},
  year={2015}
}

@inproceedings{hachey2009multi,
  title={Multi-document summarisation using generic relation extraction},
  author={Hachey, Ben},
  booktitle={Proceedings of the 2009 Conference on Empirical Methods in Natural Language Processing: Volume 1-Volume 1},
  pages={420--429},
  year={2009},
  organization={Association for Computational Linguistics}
}

@inproceedings{Filatova2004EventBasedES,
  title={Event-Based Extractive Summarization},
  author={Elena Filatova and Vasileios Hatzivassiloglou},
  year={2004}
}

@inproceedings{mirza2014annotating,
  title={Annotating causality in the TempEval-3 corpus},
  author={Mirza, Paramita and Sprugnoli, Rachele and Tonelli, Sara and Speranza, Manuela},
  year={2014}
}


@Book{jurafsky2009speech,
 author = {Jurafsky, Dan and Marin, James},
 title = {Speech and Language Processing: An introduction to Natural Language Processing, Computational Linguistics, and Speech Recognition},
 publisher = {Pearson Prentice Hall},
 edition={2},
 year = {2009},
 address = {Upper Saddle River, N.J},
 isbn = {978-0131873216}
 }

 @inproceedings{Jing1998SummarizationEM,
  title={Summarization Evaluation Methods : Experiments and Analysis},
  author={Hongyan Jing and Regina Barzilay and Kathleen McKeown and Michael Elhadad},
  year={1998},
  booktitle={AAAI Spring Symposium}
}

@InProceedings{Chambers2008UnsupervisedLO,
  author =  "Chambers, Nathanael
        and Jurafsky, Dan",
  title =   "Unsupervised Learning of Narrative Event Chains",
  booktitle =   "Proceedings of ACL-08: HLT",
  year =    "2008",
  publisher =   "Association for Computational Linguistics",
  pages =   "789--797",
  location =    "Columbus, Ohio",
  url =     "http://www.aclweb.org/anthology/P08-1090"
}

@InProceedings{aguilar-EtAl:2014:W14-29,
  author    = {Aguilar, Jacqueline  and  Beller, Charley  and  McNamee, Paul  and  Van Durme, Benjamin  and  Strassel, Stephanie  and  Song, Zhiyi  and  Ellis, Joe},
  title     = {A Comparison of the Events and Relations Across ACE, ERE, TAC-KBP, and FrameNet Annotation Standards},
  booktitle = {Proceedings of the Second Workshop on EVENTS: Definition, Detection, Coreference, and Representation},
  month     = {June},
  year      = {2014},
  address   = {Baltimore, Maryland, USA},
  publisher = {Association for Computational Linguistics},
  pages     = {45--53},
  url       = {http://www.aclweb.org/anthology/W/W14/W14-2907}
}



@article{pustejovsky1991syntax,
  title={The syntax of event structure},
  author={Pustejovsky, James},
  journal={Cognition},
  volume={41},
  number={1},
  pages={47--81},
  year={1991},
  publisher={Elsevier}
}

@inproceedings{lin2000automated,
  title={The automated acquisition of topic signatures for text summarization},
  author={Lin, Chin-Yew and Hovy, Eduard},
  booktitle={Proceedings of the 18th conference on Computational linguistics-Volume 1},
  pages={495--501},
  year={2000},
  organization={Association for Computational Linguistics}
}


@inproceedings{Harabagiu:2005:TTM:1076034.1076071,
 author = {Harabagiu, Sanda and Lacatusu, Finley},
 title = {Topic Themes for Multi-document Summarization},
 booktitle = {Proceedings of the 28th Annual International ACM SIGIR Conference on Research and Development in Information Retrieval},
 series = {SIGIR '05},
 year = {2005},
 isbn = {1-59593-034-5},
 location = {Salvador, Brazil},
 pages = {202--209},
 numpages = {8},
 url = {http://doi.acm.org/10.1145/1076034.1076071},
 doi = {10.1145/1076034.1076071},
 acmid = {1076071},
 publisher = {ACM},
 address = {New York, NY, USA},
 keywords = {summarization, topic themes},
}



@InProceedings{Stanovsky2016EMNLP,
  author    = {Gabriel Stanovsky and Ido Dagan},
  title     = {Creating a Large Benchmark for Open Information Extraction},
  booktitle = {Proceedings of the 2016 Conference on Empirical Methods in Natural Language Processing (EMNLP)},
  month     = {November},
  year      = {2016},
  address   = {Austin, Texas},
  publisher = {Association for Computational Linguistics},
  pages     = {(to appear)},
}

@InProceedings{iwcs17,
    author = {Falke, Tobias and Gurevych, Iryna},
    title = {Utilizing Automatic Predicate-Argument Analysis for Concept Map Mining},
    booktitle = {Proceedings of the 12th International Conference on Computational Semantics (IWCS)},
    year = {2017},
    location = {Montpellier, France}
}


@book{Zipf35,
  address    = {Cambridge, Mass.},
  author     = {Zipf, George},
  publisher  = {M.I.T. Press},
  title      = {The Psychobiology of Language: An Introduction to Dynamic Philology},
  year       = {1935},
  iso_code   = {},
  olac_field = {},
  wals_code  = {}
}

@book{Zipf49,
  added-at = {2010-03-31T13:53:02.000+0200},
  author = {Zipf, George K.},
  biburl = {https://www.bibsonomy.org/bibtex/2d5a398536bbb5fb604921a25139ec4c5/cbrewster},
  interhash = {40ccbeb29c6f9ea70c5bd9f787bc3d86},
  intrahash = {d5a398536bbb5fb604921a25139ec4c5},
  keywords = {},
  publisher = {Addison-Wesley},
  timestamp = {2010-03-31T13:53:02.000+0200},
  title = {Human Behaviour and the Principle of Least Effort},
  year = 1949
}

@inproceedings{hajivc2009conll,
  title={The CoNLL-2009 shared task: Syntactic and semantic dependencies in multiple languages},
  author={Haji{\v{c}}, Jan and Ciaramita, Massimiliano and Johansson, Richard and Kawahara, Daisuke and Mart{\'\i}, Maria Ant{\`o}nia and M{\`a}rquez, Llu{\'\i}s and Meyers, Adam and Nivre, Joakim and Pad{\'o}, Sebastian and {\v{S}}t{\v{e}}p{\'a}nek, Jan and others},
  booktitle={Proceedings of the Thirteenth Conference on Computational Natural Language Learning: Shared Task},
  pages={1--18},
  year={2009},
  organization={Association for Computational Linguistics}
}

@article{stanovsky2016getting,
  title={Getting More Out Of Syntax with PropS},
  author={Stanovsky, Gabriel and Ficler, Jessica and Dagan, Ido and Goldberg, Yoav},
  journal={arXiv preprint arXiv:1603.01648},
  year={2016}
}

@inproceedings{Banko2007OpenIE,
  title={Open Information Extraction from the Web},
  author={Michele Banko and Michael J. Cafarella and Stephen Soderland and Matthew Broadhead and Oren Etzioni},
  booktitle={IJCAI},
  year={2007}
}

@inproceedings{Angeli2015LeveragingLS,
  title={Leveraging Linguistic Structure For Open Domain Information Extraction},
  author={Gabor Angeli and Melvin Jose Johnson Premkumar and Christopher D. Manning},
  booktitle={ACL},
  year={2015}
}

@inproceedings{IR-948,
  year = { 2013 },
  title = { Relation Extraction with Matrix Factorization and Universal Schemas },
  timestamp = { Wed, 05 Apr 2017 12:53:50 +0200 },
  publisher = { The Association for Computational Linguistics },
  pages = { 74--84 },
  url = { http://aclweb.org/anthology/N/N13/N13-1008.pdf },
  editor = { Lucy Vanderwende and Hal Daum{\'{e}} III and Katrin Kirchhoff },
  booktitle = { Human Language Technologies: Conference of the North American Chapter of the Association of Computational Linguistics, Proceedings, June 9-14, 2013, Westin Peachtree Plaza Hotel, Atlanta, Georgia, {USA} },
  biburl = { http://dblp.org/rec/bib/conf/naacl/RiedelYMM13 },
  bibsource = { dblp computer science bibliography, http://dblp.org },
  author = { Sebastian Riedel and Limin Yao and Andrew McCallum and Benjamin M. Marlin },
}

@inproceedings{ollie-emnlp12,
  author = {Mausam and Michael Schmitz and Robert Bart and Stephen Soderland and Oren Etzioni},
  title = {Open Language Learning for Information Extraction},
  booktitle = {Proceedings of Conference on Empirical Methods in Natural Language Processing and Computational Natural Language Learning (EMNLP-CONLL)},
  year = {2012}
}

@inproceedings{ReVerb2011,
  author =   {Anthony Fader and Stephen Soderland and Oren Etzioni},
  title =    {Identifying Relations for Open Information Extraction},
  booktitle =    {Proceedings of the Conference of Empirical Methods
                  in Natural Language Processing ({EMNLP} '11)},
  year =     {2011},
  month =    {July 27-31},
  address =  {Edinburgh, Scotland, UK}
}

@inproceedings{Kneser1995ImprovedBF,
  title={Improved backing-off for M-gram language modeling},
  author={Reinhard Kneser and Hermann Ney},
  booktitle={ICASSP},
  year={1995}
}

@article{lei2016rationalizing,
  title={Rationalizing neural predictions},
  author={Lei, Tao and Barzilay, Regina and Jaakkola, Tommi},
  journal={arXiv preprint arXiv:1606.04155},
  year={2016}
}

@book{deeplearningbook,
    title={Deep Learning},
    author={Ian Goodfellow and Yoshua Bengio and Aaron Courville},
    publisher={MIT Press},
    note={\url{http://www.deeplearningbook.org}},
    year={2016}
}

@article{knight2002summarization,
  title={Summarization beyond sentence extraction: A probabilistic approach to sentence compression},
  author={Knight, Kevin and Marcu, Daniel},
  journal={Artificial Intelligence},
  volume={139},
  number={1},
  pages={91--107},
  year={2002},
  publisher={Elsevier}
}

@inproceedings{Filippova2013OvercomingTL,
  title={Overcoming the Lack of Parallel Data in Sentence Compression},
  author={Katja Filippova and Yasemin Altun},
  booktitle={EMNLP},
  year={2013}
}

@article{gorg2014reflections,
  title={Reflections on the evolution of the Jigsaw visual analytics system},
  author={G{\"o}rg, Carsten and Liu, Zhicheng and Stasko, John},
  journal={Information Visualization},
  volume={13},
  number={4},
  pages={336--345},
  year={2014},
  publisher={Sage Publications Sage UK: London, England}
}

@article{stray2017networks,
   title={Network Analysis in Journalism: Practices and Possibilities. What kinds of network analysis do journalists do, and what kinds could they do if they had better tech},
   year={2017},
   author={Stray, Jonathan},
   booktitle={Workshop on Data Science + Journalism at KDD}
}

@inproceedings{wright2009palantir,
  title={Palantir: A visualization platform for real-world analysis},
  author={Wright, Brandon and Payne, Jason and Steckman, Matthew and Stevson, Scott},
  booktitle={Visual Analytics Science and Technology, 2009. VAST 2009. IEEE Symposium on},
  pages={249--250},
  year={2009},
  organization={IEEE}
}

@article{spmf, author = {Fournier-Viger, P. and Gomariz, A. and Gueniche, T. and Soltani, A. and Wu., C. and Tseng, V. S.}, journal = {Journal of Machine Learning Research (JMLR)}, pages = {3389--3393}, title = {{SPMF: a Java Open-Source Pattern Mining Library}}, year = {2014}, volume = {15}, url = {http://www.philippe-fournier-viger.com/spmf/} }


@inproceedings{hossain2012storytelling,
  title={Storytelling in entity networks to support intelligence analysts},
  author={Hossain, M Shahriar and Butler, Patrick and Boedihardjo, Arnold P and Ramakrishnan, Naren},
  booktitle={Proceedings of the 18th ACM SIGKDD international conference on Knowledge discovery and data mining},
  pages={1375--1383},
  year={2012},
  organization={ACM}
}


@article{Wu2014UncoveringTP,
  title={Uncovering the plot: detecting surprising coalitions of entities in multi-relational schemas},
  author={Hao Wu and Jilles Vreeken and Nikolaj Tatti and Naren Ramakrishnan},
  journal={Data Mining and Knowledge Discovery},
  year={2014},
  volume={28},
  pages={1398-1428}
}

@inproceedings{Zaki2002CHARMAE,
  title={CHARM: An Efficient Algorithm for Closed Itemset Mining},
  author={Mohammed J. Zaki and Ching-Jiu Hsiao},
  booktitle={SDM},
  year={2002}
}


@inproceedings{Nenkova2012ASO,
  title={A Survey of Text Summarization Techniques},
  author={Ani Nenkova and Kathleen McKeown},
  booktitle={Mining Text Data},
  year={2012}
}


@inproceedings{Handler17,
author = {Handler, Abram and O'Connor, Brendan},
title = {Rookie: A unique approach for exploring news archives},
booktitle = {Workshop on Data Science + Journalism at KDD 2017},
year = 2017,
address = {Halifax, Canda},
}

@TECHREPORT{orme,
    Title={MaxDiff Analysis: Simple Counting, Individual-Level Logit, and HB},
    Author={Orme, Bryan},
    Institution={Sawtooth Software},
    Year={2009}
}

@TECHREPORT{orme2,
    Title={Using Calibration Questions to Obtain Absolute Scaling in MaxDiff},
    Author={Orme, Bryan},
    Institution={Sawtooth Software},
    Year={2009}
}

@inproceedings{Kiritchenko2017BestWorstSM,
  title={Best-Worst Scaling More Reliable than Rating Scales: A Case Study on Sentiment Intensity Annotation},
  author={Svetlana Kiritchenko and Saif Mohammad},
  booktitle={ACL},
  year={2017}
}

@inproceedings{bws2016,
  title={Capturing Reliable Fine-Grained Sentiment Associations by Crowdsourcing and Best--Worst Scaling},
  author={Kiritchenko, Svetlana and Mohammad, Saif M.},
    booktitle={Proceedings of The 15th Annual Conference of the North American Chapter of the Association for Computational Linguistics: Human Language Technologies (NAACL)},
    year={2016},
    address={San Diego, California}
}

@TECHREPORT{louviere_91,
  Author =    {Louviere, J.J.},
  Title =        {Best-Worst Scaling: A Model for the Largest Difference Judgments},
  Institution =   {University of Alberta},
  Year = {1991}
}

@inproceedings{emnlp2017conceptmaps,
    Author = {Falke, Tobias and Gurevych, Iryna},
    Booktitle = {EMNLP},
    Title = {Bringing Structure into Summaries: Crowdsourcing a Benchmark Corpus of Concept Maps},
    Year = {2017}
}


@inbook{novak_gowin_kahle_1984, place={Cambridge}, title={Concept mapping for meaningful learning}, DOI={10.1017/CBO9781139173469.004}, booktitle={Learning How to Learn}, publisher={Cambridge University Press}, author={Novak, Joseph D. and Gowin, D. Bob and Kahle, Jane Butler}, year={1984}, pages={15–54}}

@article{Gigaword3,
    Author = {Robert Parker and David Graff and Junbo Kong and Ke Chen and Kazuaki Maeda},
    Journal = {Linguistic Data Consortium},
    Title = {English {G}igaword Third Edition},
    Year = {2003}}

@InProceedings{pighin2014modellingET,
  author    = {Pighin, Daniele  and  Cornolti, Marco  and  Alfonseca, Enrique  and  Filippova, Katja},
  title     = {Modelling Events through Memory-based, Open-IE Patterns for Abstractive Summarization},
  booktitle = {Proceedings of the 52nd Annual Meeting of the Association for Computational Linguistics (Volume 1: Long Papers)},
  month     = {June},
  year      = {2014},
  address   = {Baltimore, Maryland},
  publisher = {Association for Computational Linguistics},
  pages     = {892--901},
  url       = {http://www.aclweb.org/anthology/P/P14/P14-1084}
}


@inproceedings{zhang2013harvesting,
  title={Harvesting Parallel News Streams to Generate Paraphrases of Event Relations.},
  author={Zhang, Congle and Weld, Daniel S},
  booktitle={EMNLP},
  pages={1776--1786},
  year={2013}
}

@inproceedings{heady,
title = {HEADY: News headline abstraction through event pattern clustering},
author  = {Enrique Alfonseca and Daniele Pighin and Guillermo Garrido},
year  = {2013},
booktitle = {Proceedings of ACL-2013}
}

@inproceedings{Bach2007ARO,
  title={A Review of Relation Extraction},
  author={Nguyen Bach and Sameer Badaskar},
  year={2007}
}

@inproceedings{hovy2013events,
  title={Events are not simple: Identity, non-identity, and quasi-identity},
  author={Hovy, Eduard and Mitamura, Teruko and Verdejo, Felisa and Araki, Jun and Philpot, Andrew},
  booktitle={NAACL HLT},
  volume={2013},
  pages={21},
  year={2013}
}

@inproceedings{maccartney2009extended,
  title={An extended model of natural logic},
  author={MacCartney, Bill and Manning, Christopher D},
  booktitle={Proceedings of the eighth international conference on computational semantics},
  ALTpages={140--156},
  year={2009},
  ALTorganization={Association for Computational Linguistics}
}

@inproceedings{mirkin2010assessing,
  title={Assessing the role of discourse references in entailment inference},
  author={Mirkin, Shachar and Dagan, Ido and Pad{\'o}, Sebastian},
  booktitle={Proceedings of the 48th Annual Meeting of the Association for Computational Linguistics},
  pages={1209--1219},
  year={2010},
  organization={Association for Computational Linguistics}
}


@inproceedings{hearst1992automatic,
  title={Automatic acquisition of hyponyms from large text corpora},
  author={Hearst, Marti A},
  booktitle={Proceedings of the 14th conference on Computational linguistics-Volume 2},
  pages={539--545},
  year={1992},
  organization={Association for Computational Linguistics}
}

@article{serban2016generating,
  title={Generating factoid questions with recurrent neural networks: The 30m factoid question-answer corpus},
  author={Serban, Iulian Vlad and Garc{\'\i}a-Dur{\'a}n, Alberto and Gulcehre, Caglar and Ahn, Sungjin and Chandar, Sarath and Courville, Aaron and Bengio, Yoshua},
  journal={arXiv preprint arXiv:1603.06807},
  year={2016}
}

@article{rush2015neural,
  title={A neural attention model for abstractive sentence summarization},
  author={Rush, Alexander M and Chopra, Sumit and Weston, Jason},
  journal={arXiv preprint arXiv:1509.00685},
  year={2015}
}

@inproceedings{swampillai2011extracting,
  title={Extracting Relations Within and Across Sentences.},
  author={Swampillai, Kumutha and Stevenson, Mark},
  year={2011}
}

@article{riedel2010modeling,
  title={Modeling relations and their mentions without labeled text},
  author={Riedel, Sebastian and Yao, Limin and McCallum, Andrew},
  journal={Machine learning and knowledge discovery in databases},
  pages={148--163},
  year={2010},
  publisher={Springer}
}

@article{yates2009unsupervised,
  title={Unsupervised methods for determining object and relation synonyms on the web},
  author={Yates, Alexander Pieter and Etzioni, Oren},
  journal={Journal of Artificial Intelligence Research},
  year={2009}
}

@article{kolesnyk2016generating,
  title={Generating Natural Language Inference Chains},
  author={Kolesnyk, Vladyslav and Rockt{\"a}schel, Tim and Riedel, Sebastian},
  journal={arXiv preprint arXiv:1606.01404},
  year={2016}
}

@article{sammons2011recognizing,
  title={Recognizing textual entailment},
  author={Sammons, Mark and Vydiswaran, V and Roth, Dan}
}

@article{neelakantan2015compositional,
  title={Compositional vector space models for knowledge base completion},
  author={Neelakantan, Arvind and Roth, Benjamin and McCallum, Andrew},
  journal={arXiv preprint arXiv:1504.06662},
  year={2015}
}

@article{das2016chains,
  title={Chains of Reasoning over Entities, Relations, and Text using Recurrent Neural Networks},
  author={Das, Rajarshi and Neelakantan, Arvind and Belanger, David and McCallum, Andrew},
  journal={arXiv preprint arXiv:1607.01426},
  year={2016}
}

@inproceedings{yao2012unsupervised,
  title={Unsupervised relation discovery with sense disambiguation},
  author={Yao, Limin and Riedel, Sebastian and McCallum, Andrew},
  booktitle={Proceedings of the 50th Annual Meeting of the Association for Computational Linguistics: Long Papers-Volume 1},
  pages={712--720},
  year={2012},
  organization={Association for Computational Linguistics}
}

@inproceedings{hendrickx2009semeval,
  title={Semeval-2010 task 8: Multi-way classification of semantic relations between pairs of nominals},
  author={Hendrickx, Iris and Kim, Su Nam and Kozareva, Zornitsa and Nakov, Preslav and {\'O} S{\'e}aghdha, Diarmuid and Pad{\'o}, Sebastian and Pennacchiotti, Marco and Romano, Lorenza and Szpakowicz, Stan},
  booktitle={Proceedings of the Workshop on Semantic Evaluations: Recent Achievements and Future Directions},
  pages={94--99},
  year={2009},
  organization={Association for Computational Linguistics}
}

@article{riedel2013relation,
  title={Relation extraction with matrix factorization and universal schemas},
  author={Riedel, Sebastian and Yao, Limin and McCallum, Andrew and Marlin, Benjamin M},
  year={2013}
}

@inproceedings{Rao2016BiomedicalEE,
  title={Biomedical event extraction using Abstract Meaning Representation},
  author={Sudha Rao and Daniel Marcu and Kevin Knight and Hal Daum{\'e}},
  year={2016}
}

@inproceedings{Surdeanu2012MultiinstanceML,
  title={Multi-instance Multi-label Learning for Relation Extraction},
  author={Mihai Surdeanu and Julie Tibshirani and Ramesh Nallapati and Christopher D. Manning},
  booktitle={EMNLP-CoNLL},
  year={2012}
}

@inproceedings{Lu2009RatedAS,
  title={Rated aspect summarization of short comments},
  author={Yue Lu and ChengXiang Zhai and Neel Sundaresan},
  booktitle={WWW},
  year={2009}
}

@inproceedings{Lin2016NeuralRE,
  title={Neural Relation Extraction with Selective Attention over Instances},
  author={Yankai Lin and Shiqi Shen and Zhiyuan Liu and Huanbo Luan and Maosong Sun},
  booktitle={ACL},
  year={2016}
}

@inproceedings{Hoffmann2011KnowledgeBasedWS,
  title={Knowledge-Based Weak Supervision for Information Extraction of Overlapping Relations},
  author={Raphael Hoffmann and Congle Zhang and Xiao Ling and Luke S. Zettlemoyer and Daniel S. Weld},
  booktitle={ACL},
  year={2011}
}


@article{rush2015neural,
  title={A neural attention model for abstractive sentence summarization},
  author={Rush, Alexander M and Chopra, Sumit and Weston, Jason},
  journal={arXiv preprint arXiv:1509.00685},
  year={2015}
}

@inproceedings{Nenkova2012ASO,
  title={A Survey of Text Summarization Techniques},
  author={Ani Nenkova and Kathleen McKeown},
  booktitle={Mining Text Data},
  year={2012}
}

@inproceedings{Chopra2016AbstractiveSS,
  title={Abstractive Sentence Summarization with Attentive Recurrent Neural Networks},
  author={Sumit Chopra and Michael Auli and Alexander M. Rush},
  booktitle={HLT-NAACL},
  year={2016}
}

@article{Dumitrache2017CrowdsourcingGT,
  title={Crowdsourcing Ground Truth for Medical Relation Extraction},
  author={Anca Dumitrache and Lora Aroyo and Christopher A. Welty},
  journal={CoRR},
  year={2017},
  volume={abs/1701.02185}
}

@inproceedings{snowball,
  title={Snowball: extracting relations from large plain-text collections},
  author={Eugene Agichtein and Luis Gravano},
  booktitle={ACM DL},
  year={2000}
}

@inproceedings{Brin1998ExtractingPA,
  title={Extracting Patterns and Relations from the World Wide Web},
  author={Sergey Brin},
  booktitle={WebDB},
  year={1998}
}

@inproceedings{schmitz2012open,
  title={Open language learning for information extraction},
  author={Schmitz, Michael and Bart, Robert and Soderland, Stephen and Etzioni, Oren and others},
  booktitle={Proceedings of the 2012 Joint Conference on Empirical Methods in Natural Language Processing and Computational Natural Language Learning},
  pages={523--534},
  year={2012},
  organization={Association for Computational Linguistics}
}


@inproceedings{fader2011identifying,
  title={Identifying relations for open information extraction},
  author={Fader, Anthony and Soderland, Stephen and Etzioni, Oren},
  booktitle={Proceedings of the Conference on Empirical Methods in Natural Language Processing},
  pages={1535--1545},
  year={2011},
  organization={Association for Computational Linguistics}
}

@inproceedings{Hearst2009UserIF,
  title={User Interfaces for Search},
  author={Marti A. Hearst},
  year={2009}
}

@TECHREPORT{louviere_91,
    Author =    {Louviere, J.J.},
    Title =        {Best-Worst Scaling: A Model for th    e Largest Difference Judgments},
    Institution =   {University of Alberta},
    Year = {1991}
}

@inproceedings{bws2016,
  title={Capturing Reliable Fine-Grained Sentiment Associations by Crowdsourcing and Best--Worst Scaling},
  author={Kiritchenko, Svetlana and Mohammad, Saif M.},
    booktitle={Proceedings of The 15th Annual Conference of the North American Chapter of the Association for Computational Linguistics: Human Language Technologies (NAACL)},
    year={2016},
    address={San Diego, California}
}

@inproceedings{Kiritchenko2017BestWorstSM,
    title={Best-Worst Scaling More Reliable than Rating Scales: A Case Study on Sentiment Intensity Annotation},
    author={Svetlana Kiritchenko and Saif Mohammad},
    booktitle={ACL},
    year={2017}
 }

@article{Hochreiter:1997:LSM:1246443.1246450,
 author = {Hochreiter, Sepp and Schmidhuber, J\"{u}rgen},
 title = {Long Short-Term Memory},
 journal = {Neural Comput.},
 issue_date = {November 15, 1997},
 volume = {9},
 number = {8},
 month = nov,
 year = {1997},
 issn = {0899-7667},
 pages = {1735--1780},
 numpages = {46},
 url = {http://dx.doi.org/10.1162/neco.1997.9.8.1735},
 doi = {10.1162/neco.1997.9.8.1735},
 acmid = {1246450},
 publisher = {MIT Press},
 address = {Cambridge, MA, USA},
}


@article{bengio2003neural,
  title={A neural probabilistic language model},
  author={Bengio, Yoshua and Ducharme, R{\'e}jean and Vincent, Pascal and Jauvin, Christian},
  journal={Journal of machine learning research},
  volume={3},
  number={Feb},
  pages={1137--1155},
  year={2003}
}

@article{nenkova2011automatic,
  title={Automatic summarization},
  author={Nenkova, Ani and McKeown, Kathleen and others},
  journal={Foundations and Trends in Information Retrieval},
  volume={5},
  number={2--3},
  pages={103--233},
  year={2011},
  publisher={Now Publishers, Inc.}
}


@inproceedings{Nenkova2012ASO,
    title={A Survey of Text Summarization Techniques},
    author={Ani Nenkova and Kathleen McKeown},
    booktitle={Mining Text Data},
    year={2012}
 }

@techreport{das,
    Author = {Das, Dipanjan and Martins, Andr\'{e} F. T.},
    Institution = {Literature Survey for the Language and Statistics II course at Carnegie Mellon University},
    Title = {A Survey on Automatic Text Summarization},
    Year = {2007}
}

@inproceedings{filippova2015sentence,
  title={Sentence Compression by Deletion with \textsc{LSTM}s},
  author={Filippova, Katja and Alfonseca, Enrique and Colmenares, Carlos A and Kaiser, Lukasz and Vinyals, Oriol},
  booktitle={EMNLP},
  year={2015}
}

@inproceedings{Pitler2014MethodsFS,
  title={Methods for Sentence Compression},
  author={Emily Pitler},
  year={2014}
}

@inproceedings{clarke2006models,
  title={Models for sentence compression: A comparison across domains, training requirements and evaluation measures},
  author={Clarke, James and Lapata, Mirella},
  booktitle={Proceedings of the 21st International Conference on Computational Linguistics and the 44th annual meeting of the Association for Computational Linguistics},
  pages={377--384},
  year={2006},
  organization={Association for Computational Linguistics}
}

@inproceedings{beauchamp,
   title={Mapping Conceptual Networks},
   author={Beauchamp, Nick and Shugars, Sarah and Levine, Peter},
   year={2017},
   booktitle={Text as Data Conference}
}

@inproceedings{goldberg2013dataset,
  title={A Dataset of Syntactic-Ngrams over Time from a Very Large Corpus of English Books},
  author={Yoav Goldberg and Jon Orwant},
  booktitle={*SEM@NAACL-HLT},
  year={2013}
}


@phdthesis{o2014statistical,
  title={Statistical Text Analysis for Social Science},
  author={O'Connor, Brendan T},
  year={2014},
  school={Carnegie Mellon University}
}

@inproceedings{stray2017networks,
   title={Network Analysis in Journalism: Practices and Possibilities},
   booktitle={Workshop on Data Science + Journalism at KDD},
   year={2017},
   author={Stray, Jonathan},
}

@article{harrison2017rationalization,
  title={Rationalization: A Neural Machine Translation Approach to Generating Natural Language Explanations},
  author={Harrison, Brent and Ehsan, Upol and Riedl, Mark O},
  journal={arXiv preprint arXiv:1702.07826},
  year={2017}
}

@inproceedings{bammansmith,
   title="Open Extraction of Fine-Grained Political Statements",
   author={Bamman, David and Smith, Noah},
   year={2015},
   booktitle={EMNLP}
}

@inproceedings{kim2016MMD,
  title={Examples are not Enough, Learn to Criticize! {C}riticism for Interpretability},
  author={Been Kim and Rajiv Khanna and Sanmi Koyejo },
  booktitle={Advances in Neural Information Processing Systems},
  year={2016}
}

@article{o2013learning,
  title={Learning to extract international relations from political context},
  author={O'Connor, Brendan and Stewart, Brandon and Smith, Noah A},
  booktitle = {ACL},
  year={2013}
}

@article{doshi2017roadmap,
  title={A Roadmap for a Rigorous Science of Interpretability},
  author={Doshi-Velez, Finale and Kim, Been},
  journal={arXiv preprint arXiv:1702.08608},
  year={2017}
}

@article{cleveland1984graphical,
  title={Graphical perception: Theory, experimentation, and application to the development of graphical methods},
  author={Cleveland, William S and McGill, Robert},
  journal={JASA},
  year={1984},
  publisher={Taylor \& Francis}
}

@inproceedings{kucher2015text,
  title={Text visualization techniques: Taxonomy, visual survey, and community insights},
  author={Kucher, Kostiantyn and Kerren, Andreas},
  booktitle={Visualization Symposium (PacificVis), 2015 IEEE Pacific},
  year={2015},
  organization={IEEE}
}

@InProceedings{chaney2016detecting,
  author    = {Chaney, Allison  and  Wallach, Hanna  and  Connelly, Matthew  and  Blei, David},
  title     = {Detecting and Characterizing Events},
  booktitle = {Proceedings of the 2016 Conference on Empirical Methods in Natural Language Processing},
  month     = {November},
  year      = {2016},
  address   = {Austin, Texas},
  publisher = {Association for Computational Linguistics},
  pages     = {1142--1152},
  url       = {https://aclweb.org/anthology/D16-1122}
}


@inproceedings{eisenstein2010latent,
  title={A latent variable model for geographic lexical variation},
  author={Eisenstein, Jacob and O'Connor, Brendan and Smith, Noah A and Xing, Eric P},
  booktitle={EMNLP},
  year={2010}
}

@inproceedings{keith2017police,
  title={Identifying civilians killed by police with distantly supervised entity-event extraction.},
  author={Keith, Katherine and Handler, Abram and Pinkham, Michael and Magliozzi, Cara and McDuffie, Joshua and O'Connor, Brendan},
  booktitle={EMNLP},
  year={2017}
}


@InProceedings{N18-1159,
  author =  "Handler, Abram
        and O'Connor, Brendan",
  title =   "Relational Summarization for Corpus Analysis",
  booktitle =   "NAACL",
  year =    "2018",
  ALTpublisher =   "Association for Computational Linguistics",
  ALTpages =   "1760--1769",
  ALTlocation =    "New Orleans, Louisiana",
  ALTurl =     "http://aclweb.org/anthology/N18-1159"
}


@inproceedings{Handler2016BagOW,
  title={Bag of What?: Simple Noun Phrase Extraction for Text Analysis},
  author={Abram Handler and Matthew J. Denny and Hanna Wallach and Brendan O'Connor},
  booktitle={Text as Data},
  year={2016}
}

@article{wilkerson2015tracing,
  title={Tracing the flow of policy ideas in legislatures: A text reuse approach},
  author={Wilkerson, John and Smith, David and Stramp, Nicholas},
  journal={American Journal of Political Science},
  volume={59},
  number={4},
  year={2015},
}

@article{green2015natural,
  title={Natural Language Translation at the Intersection of \textsc{AI} and \textsc{HCI}},
  author={Green, Spence and Heer, Jeffrey and Manning, Christopher D},
  journal={ACM Queue},
  volume={13},
  number={6},
  year={2015},
  publisher={ACM}
}


@inproceedings{Handler2016viz,
  title = {Visualizing Textual Models with In-Text and Word-as-Pixel Highlighting},
  booktitle = {Workshop on Human Interpretability in Machine Learning, ICML},
  author = {Handler, Abram and Blodgett, Su Lin and O'Connor, Brendan},
  year = {2016}
}

@inproceedings{fader2011identifying,
  title={Identifying relations for open information extraction},
  author={Fader, Anthony and Soderland, Stephen and Etzioni, Oren},
  booktitle={Proceedings of the Conference on Empirical Methods in Natural Language Processing},
  pages={1535--1545},
  year={2011},
  organization={Association for Computational Linguistics}
}

@inproceedings{Hearst2009UserIF,
  title={User Interfaces for Search},
  author={Marti A. Hearst},
  year={2009}
}

@TECHREPORT{louviere_91,
    Author =    {Louviere, J.J.},
    Title =        {Best-Worst Scaling: A Model for th    e Largest Difference Judgments},
    Institution =   {University of Alberta},
    Year = {1991}
}

@inproceedings{bws2016,
  title={Capturing Reliable Fine-Grained Sentiment Associations by Crowdsourcing and Best--Worst Scaling},
  author={Kiritchenko, Svetlana and Mohammad, Saif M.},
    booktitle={Proceedings of The 15th Annual Conference of the North American Chapter of the Association for Computational Linguistics: Human Language Technologies (NAACL)},
    year={2016},
    address={San Diego, California}
}

@inproceedings{Kiritchenko2017BestWorstSM,
    title={Best-Worst Scaling More Reliable than Rating Scales: A Case Study on Sentiment Intensity Annotation},
    author={Svetlana Kiritchenko and Saif Mohammad},
    booktitle={ACL},
    year={2017}
 }

@article{Hochreiter:1997:LSM:1246443.1246450,
 author = {Hochreiter, Sepp and Schmidhuber, J\"{u}rgen},
 title = {Long Short-Term Memory},
 journal = {Neural Comput.},
 issue_date = {November 15, 1997},
 volume = {9},
 number = {8},
 month = nov,
 year = {1997},
 issn = {0899-7667},
 pages = {1735--1780},
 numpages = {46},
 url = {http://dx.doi.org/10.1162/neco.1997.9.8.1735},
 doi = {10.1162/neco.1997.9.8.1735},
 acmid = {1246450},
 publisher = {MIT Press},
 address = {Cambridge, MA, USA},
}



@article{pedregosa2017consistency,
  title={On the consistency of ordinal regression methods},
  author={Pedregosa, Fabian and Bach, Francis and Gramfort, Alexandre},
  journal={Journal of Machine Learning Research},
  volume={18},
  number={55},
  pages={1--35},
  year={2017}
}


@article{bengio2003neural,
  title={A neural probabilistic language model},
  author={Bengio, Yoshua and Ducharme, R{\'e}jean and Vincent, Pascal and Jauvin, Christian},
  journal={Journal of machine learning research},
  volume={3},
  number={Feb},
  pages={1137--1155},
  year={2003}
}


@article{monroe2008fightin,
  title={Fightin' words: Lexical feature selection and evaluation for identifying the content of political conflict},
  author={Monroe, Burt L and Colaresi, Michael P and Quinn, Kevin M},
  journal={Political Analysis},
  volume={16},
  number={4},
  pages={372--403},
  year={2008},
  publisher={Oxford University Press}
}


@inproceedings{Pitler2014MethodsFS,
  title={Methods for Sentence Compression},
  author={Emily Pitler},
  year={2014}
}


@inproceedings{beauchamp,
   title={Mapping Conceptual Networks},
   author={Beauchamp, Nick and Shugars, Sarah and Levine, Peter},
   year={2017},
   booktitle={Text as Data Conference}
}

@inproceedings{goldberg2013dataset,
  title={A Dataset of Syntactic-Ngrams over Time from a Very Large Corpus of English Books},
  author={Yoav Goldberg and Jon Orwant},
  booktitle={*SEM@NAACL-HLT},
  year={2013}
}

@article{handler2016bag,
  title={Bag of what? \textsc{S}imple noun phrase extraction for text analysis},
  author={Handler, Abram and Denny, Matthew J and Wallach, Hanna and O’Connor, Brendan},
  journal={Workshop on NLP + CSS, EMNLP},
  year={2016}
}


@phdthesis{o2014statistical,
  title={Statistical Text Analysis for Social Science},
  author={O'Connor, Brendan T},
  year={2014},
  school={Carnegie Mellon University}
}

@inproceedings{stray2017networks,
   title={Network Analysis in Journalism: Practices and Possibilities},
   booktitle={Workshop on Data Science + Journalism at KDD},
   year={2017},
   author={Stray, Jonathan},
}

@article{harrison2017rationalization,
  title={Rationalization: A Neural Machine Translation Approach to Generating Natural Language Explanations},
  author={Harrison, Brent and Ehsan, Upol and Riedl, Mark O},
  journal={arXiv preprint arXiv:1702.07826},
  year={2017}
}

@inproceedings{bammansmith,
   title="Open Extraction of Fine-Grained Political Statements",
   author={Bamman, David and Smith, Noah},
   year={2015},
   booktitle={EMNLP}
}

@inproceedings{kim2016MMD,
  title={Examples are not Enough, Learn to Criticize! {C}riticism for Interpretability},
  author={Been Kim and Rajiv Khanna and Sanmi Koyejo },
  booktitle={Advances in Neural Information Processing Systems},
  year={2016}
}

@article{o2013learning,
  title={Learning to extract international relations from political context},
  author={O'Connor, Brendan and Stewart, Brandon and Smith, Noah A},
  booktitle = {ACL},
  year={2013}
}

@article{doshi2017roadmap,
  title={A Roadmap for a Rigorous Science of Interpretability},
  author={Doshi-Velez, Finale and Kim, Been},
  journal={arXiv preprint arXiv:1702.08608},
  year={2017}
}

@article{cleveland1984graphical,
  title={Graphical perception: Theory, experimentation, and application to the development of graphical methods},
  author={Cleveland, William S and McGill, Robert},
  journal={JASA},
  year={1984},
  publisher={Taylor \& Francis}
}

@inproceedings{kucher2015text,
  title={Text visualization techniques: Taxonomy, visual survey, and community insights},
  author={Kucher, Kostiantyn and Kerren, Andreas},
  booktitle={Visualization Symposium (PacificVis), 2015 IEEE Pacific},
  year={2015},
  organization={IEEE}
}


@inproceedings{eisenstein2010latent,
  title={A latent variable model for geographic lexical variation},
  author={Eisenstein, Jacob and O'Connor, Brendan and Smith, Noah A and Xing, Eric P},
  booktitle={EMNLP},
  year={2010}
}

@inproceedings{keith2017police,
  title={Identifying civilians killed by police with distantly supervised entity-event extraction.},
  author={Keith, Katherine and Handler, Abram and Pinkham, Michael and Magliozzi, Cara and McDuffie, Joshua and O'Connor, Brendan},
  booktitle={EMNLP},
  year={2017}
}

@inproceedings{Handler2016BagOW,
  title={Bag of What?: Simple Noun Phrase Extraction for Text Analysis},
  author={Abram Handler and Matthew J. Denny and Hanna Wallach and Brendan O’Connor},
  booktitle={Text as Data},
  year={2016}
}

@article{wilkerson2015tracing,
  title={Tracing the flow of policy ideas in legislatures: A text reuse approach},
  author={Wilkerson, John and Smith, David and Stramp, Nicholas},
  journal={American Journal of Political Science},
  volume={59},
  number={4},
  year={2015},
}

@article{green2015natural,
  title={Natural Language Translation at the Intersection of \textsc{AI} and \textsc{HCI}},
  author={Green, Spence and Heer, Jeffrey and Manning, Christopher D},
  journal={ACM Queue},
  volume={13},
  number={6},
  year={2015},
  publisher={ACM}
}



@inproceedings{Handler2016viz,
  title = {Visualizing Textual Models with In-Text and Word-as-Pixel Highlighting},
  booktitle = {Workshop on Human Interpretability in Machine Learning, ICML},
  author = {Handler, Abram and Blodgett, Su Lin and O'Connor, Brendan},
  year = {2016}
}
